%% This BibTeX bibliography file was created using BibDesk.
%% http://bibdesk.sourceforge.net/


%% Created for Mathias Lindblom at 2015-06-22 13:14:06 +0200 


%% Saved with string encoding Unicode (UTF-8) 



@webpage{key24,
	Author = {Martin Fowler},
	Date-Added = {2015-06-22 11:07:14 +0000},
	Date-Modified = {2015-06-22 11:08:57 +0000},
	Howpublished = {2008. [ \url{http://martinfowler.com/bliki/AgileVersusLean.html} ]. Accessed April 1, 2015},
	Title = {Agile vs lean}}

@webpage{key19,
	Date-Added = {2015-06-22 11:06:19 +0000},
	Date-Modified = {2015-06-22 11:14:06 +0000},
	Howpublished = {Everyday Kanban. What is kanban. 2015. [ \url{http://www.everydaykanban.com/what-is-kanban/} ]. Accessed Mars 25, 2015},
	Key = {Everyday Kanban},
	Url = {http://www.everydaykanban.com/what-is-kanban/}}

@webpage{key15,
	Date-Added = {2015-06-22 11:05:10 +0000},
	Date-Modified = {2015-06-22 11:12:03 +0000},
	Howpublished = {Scrum Guides. The scrum guide. 2013. [ \url{http://www.scrumguides.org/scrum-guide.html} ]. Accessed Mars 23, 2015},
	Key = {Scrum Guides},
	Url = {http://www.scrumguides.org/scrum-guide.html}}

@webpage{key2,
	Date-Added = {2015-06-22 10:56:24 +0000},
	Date-Modified = {2015-06-22 11:11:50 +0000},
	Howpublished = {Agile Alliance. The alliance. 2015. [ \url{http://www.agilealliance.org/the-alliance/} ]. Accessed Mars 5, 2015},
	Key = {Agile Alliance},
	Url = {http://www.agilealliance.org/the-alliance/}}

@webpage{key7,
	Author = {Simon Sinek},
	Date-Added = {2015-06-22 09:36:35 +0000},
	Date-Modified = {2015-06-22 10:55:29 +0000},
	Howpublished = {2014. [ \url{http://www.ivarjacobson.com/Use_Case2.0_ebook/} ]. Accessed Mars 13, 2015},
	Lastchecked = {2015-03-13},
	Title = {Why good leaders make you feel safe},
	Url = {http://www.ted.com/talks/simon_sinek_why_good_leaders_make_you_feel_safe},
	Bdsk-Url-1 = {http://www.ted.com/talks/simon_sinek_why_good_leaders_make_you_feel_safe}}

@webpage{key3,
	Author = {Douglas Crockford},
	Date-Added = {2015-06-22 09:31:57 +0000},
	Date-Modified = {2015-06-22 10:51:01 +0000},
	Howpublished = {2007. [ \url{https://www.youtube.com/watch?v=t9YLtDJZtPY&t=175} ]. Accessed Mars 12, 2015},
	Lastchecked = {2015-03-12},
	Title = {Quality},
	Bdsk-Url-1 = {https://www.youtube.com/watch?v=t9YLtDJZtPY&t=175}}

@electronic{key25,
	Author = {Ivar Jacobson and Ian Spence and Kurt Bittner},
	Date-Added = {2015-06-22 09:14:28 +0000},
	Date-Modified = {2015-06-22 10:53:30 +0000},
	Howpublished = {2011. [ \url{http://www.ivarjacobson.com/Use_Case2.0_ebook/} ]. Accessed Mars 8, 2015},
	Lastchecked = {2015-03-12},
	Publisher = {Ivar Jacobson International},
	Title = {Use-case 2.0},
	Url = {http://www.ivarjacobson.com/Use_Case2.0_ebook/},
	Bdsk-Url-1 = {http://www.ivarjacobson.com/Use_Case2.0_ebook/}}

@book{key23,
	Address = {New Jersey},
	Author = {Mary Poppendieck and Tom Poppendieck},
	Date-Added = {2015-06-22 09:13:16 +0000},
	Date-Modified = {2015-06-22 09:14:18 +0000},
	Publisher = {Addison-Wesley Professional},
	Title = {Lean software development: an agile toolkit},
	Year = {2003}}

@book{key22,
	Address = {New York},
	Author = {James P Womack and Daniel T Jones and Daniel Roos},
	Date-Added = {2015-06-22 09:11:13 +0000},
	Date-Modified = {2015-06-22 09:13:12 +0000},
	Publisher = {Free Press},
	Title = {The machine that changed the world: the story of lean production},
	Year = {2007}}

@book{key21,
	Author = {Ken Schwaber},
	Date-Added = {2015-06-22 09:09:55 +0000},
	Date-Modified = {2015-06-22 09:10:55 +0000},
	Publisher = {Microsoft Press},
	Title = {Agile project management with scrum},
	Year = {2004}}

@electronic{key18,
	Author = {Paul Klipp},
	Date-Added = {2015-06-21 13:35:04 +0000},
	Date-Modified = {2015-06-22 10:54:18 +0000},
	Howpublished = {2014. [ \url{https://kanbanery.com/ebook/} ]. Accessed Mars 20, 2015},
	Lastchecked = {2015-03-20},
	Publisher = {Kanbanery},
	Title = {Getting started with kanban},
	Url = {https://kanbanery.com/ebook/},
	Bdsk-Url-1 = {https://kanbanery.com/ebook/}}

@book{key16,
	Author = {David J. Anderson},
	Date-Added = {2015-06-21 13:33:52 +0000},
	Date-Modified = {2015-06-21 13:34:57 +0000},
	Publisher = {Blue Hole Press},
	Title = {Kanban: successful evolutionary change for technology organizations},
	Year = {2010}}

@book{key14,
	Address = {New Jersey},
	Author = {Kent Beck and Cynthia Andres},
	Date-Added = {2015-06-21 13:09:39 +0000},
	Date-Modified = {2015-06-21 13:12:20 +0000},
	Edition = {2},
	Publisher = {Addison-Wesley Professional},
	Title = {Extreme programming explained: embrace change},
	Year = {2004}}

@book{key5,
	Address = {New Jersey},
	Author = {Alistair Cockburn},
	Date-Added = {2015-06-21 13:08:40 +0000},
	Date-Modified = {2015-06-21 13:09:31 +0000},
	Publisher = {Addison-Wesley Professional},
	Title = {Crystal clear: a human-powered methodology for small teams},
	Year = {2004}}

@book{key1,
	Address = {Massachusetts},
	Author = {Robert C Martin and Martin Micah},
	Date-Added = {2015-06-21 12:41:06 +0000},
	Date-Modified = {2015-06-22 10:29:04 +0000},
	Publisher = {Prentice Hall},
	Title = {Agile principles, patterns, and practices in C\#},
	Year = {2006}}

@article{key11,
	Author = {Laurie Williams and Robert R. Kessler and Ward Cunningham and Ron Jeffries},
	Date-Added = {2015-06-21 12:37:29 +0000},
	Date-Modified = {2015-06-21 12:39:05 +0000},
	Journal = {IEEE Softw},
	Pages = {19-25},
	Title = {Strengthening the case for pair programming},
	Volume = {17},
	Year = {2000}}

@article{key8,
	Author = {Mark Keil and Erran Carmel},
	Date-Modified = {2015-06-22 10:36:06 +0000},
	Journal = {Commun ACM},
	Pages = {33-44},
	Title = {Customer developer links in software development},
	Volume = {38},
	Year = 1995}

@article{key4,
	Author = {Donal Ervin Knuth},
	Date-Modified = {2015-06-22 10:36:14 +0000},
	Journal = {Computer J},
	Pages = {97-111},
	Title = {Literate programming},
	Volume = {27},
	Year = 1984}
